%%% Quantum

@article{boothby2016fast,
  title={Fast clique minor generation in Chimera qubit connectivity graphs},
  author={Boothby, Tomas and King, Andrew D and Roy, Aidan},
  journal={Quantum Information Processing},
  volume={15},
  number={1},
  pages={495--508},
  year={2016},
  publisher={Springer}
}

@article{cai2014practical,
  title={A practical heuristic for finding graph minors},
  author={Cai, Jun and Macready, William G and Roy, Aidan},
  journal={arXiv preprint arXiv:1406.2741},
  year={2014}
}

@article{choi2011minor,
  title={Minor-embedding in adiabatic quantum computation: \text{II}. Minor-universal graph design},
  author={Choi, Vicky},
  journal={Quantum Information Processing},
  volume={10},
  number={3},
  pages={343--353},
  year={2011},
  publisher={Springer}
}

@article{denchev2015computational,
  title={What is the Computational Value of Finite Range Tunneling?},
  author={Denchev, Vasil S and Boixo, Sergio and Isakov, Sergei V and Ding, Nan and Babbush, Ryan and Smelyanskiy, Vadim and Martinis, John and Neven, Hartmut},
  journal={arXiv preprint arXiv:1512.02206},
  year={2015}
}

@misc{dwave,
	AUTHOR = "\text{D-Wave Systems Inc.}",
	TITLE = "Programming with QUBOs Release 2.4",
	YEAR = {2016}
}

@article{farhi2000quantum,
  title={Quantum computation by adiabatic evolution},
  author={Farhi, Edward and Goldstone, Jeffrey and Gutmann, Sam and Sipser, Michael},
  journal={arXiv preprint quant-ph/0001106},
  year={2000}
}

@misc{goodrich2016graph,
	AUTHOR = "Timothy D. Goodrich and Blair. D. Sullivan and Travis S. Humble",
	TITLE = "A graph-theoretic framework for adiabatic quantum computating compilation",
	JOURNAL = "Preprint",
	YEAR = {2016}
}

@article{kassal2010simulating,
  title={Simulating chemistry using quantum computers},
  author={Kassal, Ivan and Whitfield, James D and Perdomo-Ortiz, Alejandro and Yung, Man-Hong and Aspuru-Guzik, Al{\'a}n},
  journal={arXiv preprint arXiv:1007.2648},
  year={2010}
}

@article{klymko2014adiabatic,
  title={Adiabatic quantum programming: minor embedding with hard faults},
  author={Klymko, Christine and Sullivan, Blair D and Humble, Travis S},
  journal={Quantum information processing},
  volume={13},
  number={3},
  pages={709--729},
  year={2014},
  publisher={Springer}
}

@article{lucas2013ising,
  title={Ising formulations of many NP problems},
  author={Lucas, Andrew},
  journal={arXiv preprint arXiv:1302.5843},
  year={2013}
}

@article{neven2008image,
  title={Image recognition with an adiabatic quantum computer I. Mapping to quadratic unconstrained binary optimization},
  author={Neven, Hartmut and Rose, Geordie and Macready, William G},
  journal={arXiv preprint arXiv:0804.4457},
  year={2008}
}

@article{venturelli2015quantum,
  title={Quantum optimization of fully connected spin glasses},
  author={Venturelli, Davide and Mandr{\`a}, Salvatore and Knysh, Sergey and Oâ€™Gorman, Bryan and Biswas, Rupak and Smelyanskiy, Vadim},
  journal={Physical Review X},
  volume={5},
  number={3},
  pages={031040},
  year={2015},
  publisher={APS}
}

%%% Software Engineering
@article{benavides2010automated,
  title={Automated analysis of feature models 20 years later: A literature review},
  author={Benavides, David and Segura, Sergio and Ruiz-Cort{\'e}s, Antonio},
  journal={Information Systems},
  volume={35},
  number={6},
  pages={615--636},
  year={2010},
  publisher={Elsevier}
}

@book{beizer1995black,
  title={Black-box testing: techniques for functional testing of software and systems},
  author={Beizer, Boris},
  year={1995},
  publisher={John Wiley \& Sons, Inc.}
}

@article{chang2007sub,
  title={Sub-population genetic algorithm with mining gene structures for multiobjective flowshop scheduling problems},
  author={Chang, Pei-Chann and Chen, Shih-Hsin and Liu, Chen-Hao},
  journal={Expert systems with applications},
  volume={33},
  number={3},
  pages={762--771},
  year={2007},
  publisher={Elsevier}
}

@article{chen2016sampling,
  title={Is ``Sampling'' better than ``Evolution'' for Search-based Software Engineering?},
  author={Chen, Jianfeng and Nair, Vivek and Krishna, Rahul and Menzies, Tim},
  journal={arXiv preprint arXiv:1608.07617},
  year={2016}
}

@article{deb2002fast,
  title={A fast and elitist multiobjective genetic algorithm: NSGA-II},
  author={Deb, Kalyanmoy and Pratap, Amrit and Agarwal, Sameer and Meyarivan, TAMT},
  journal={IEEE transactions on evolutionary computation},
  volume={6},
  number={2},
  pages={182--197},
  year={2002},
  publisher={IEEE}
}

@article{fenton1999critique,
  title={A critique of software defect prediction models},
  author={Fenton, Norman E and Neil, Martin},
  journal={IEEE Transactions on software engineering},
  volume={25},
  number={5},
  pages={675--689},
  year={1999},
  publisher={IEEE}
}

@article{harman2001search,
  title={Search-based software engineering},
  author={Harman, Mark and Jones, Bryan F},
  journal={Information and software Technology},
  volume={43},
  number={14},
  pages={833--839},
  year={2001},
  publisher={Elsevier}
}

@inproceedings{henard2015combining,
  title={Combining multi-objective search and constraint solving for configuring large software product lines},
  author={Henard, Christopher and Papadakis, Mike and Harman, Mark and Le Traon, Yves},
  booktitle={2015 IEEE/ACM 37th IEEE International Conference on Software Engineering},
  volume={1},
  pages={517--528},
  year={2015},
  organization={IEEE}
}

@techreport{kang1990feature,
  title={Feature-oriented domain analysis (FODA) feasibility study},
  author={Kang, Kyo C and Cohen, Sholom G and Hess, James A and Novak, William E and Peterson, A Spencer},
  year={1990},
  institution={DTIC Document}
}

@inproceedings{sayyad2013scalable,
  title={Scalable product line configuration: A straw to break the camel's back},
  author={Sayyad, Abdel Salam and Ingram, Joseph and Menzies, Tim and Ammar, Hany},
  booktitle={Automated Software Engineering (ASE), 2013 IEEE/ACM 28th International Conference on},
  pages={465--474},
  year={2013},
  organization={IEEE}
}
