%%% Big 8

% 47 citations
@inproceedings{zaman2012qualitative,
  title={A qualitative study on performance bugs},
  author={Zaman, Shahed and Adams, Bram and Hassan, Ahmed E},
  booktitle={Mining Software Repositories (MSR), 2012 9th IEEE Working Conference on},
  pages={199--208},
  year={2012},
  organization={IEEE}
}

% 188 citations
@article{cataldo2009software,
  title={Software dependencies, work dependencies, and their impact on failures},
  author={Cataldo, Marcelo and Mockus, Audris and Roberts, Jeffrey A and Herbsleb, James D},
  journal={IEEE Transactions on Software Engineering},
  volume={35},
  number={6},
  pages={864--878},
  year={2009},
  publisher={IEEE}
}

% 68 citations
@inproceedings{bertram2010communication,
  title={Communication, collaboration, and bugs: the social nature of issue tracking in small, collocated teams},
  author={Bertram, Dane and Voida, Amy and Greenberg, Saul and Walker, Robert},
  booktitle={Proceedings of the 2010 ACM conference on Computer supported cooperative work},
  pages={291--300},
  year={2010},
  organization={ACM}
}

% 83 citations
@inproceedings{guo2011not,
  title={Not my bug! and other reasons for software bug report reassignments},
  author={Guo, Philip J and Zimmermann, Thomas and Nagappan, Nachiappan and Murphy, Brendan},
  booktitle={Proceedings of the ACM 2011 conference on Computer supported cooperative work},
  pages={395--404},
  year={2011},
  organization={ACM}
}

% 13 citations
@inproceedings{nistor2013toddler,
  title={Toddler: Detecting performance problems via similar memory-access patterns},
  author={Nistor, Adrian and Song, Linhai and Marinov, Darko and Lu, Shan},
  booktitle={Proceedings of the 2013 International Conference on Software Engineering},
  pages={562--571},
  year={2013},
  organization={IEEE Press}
}

% 72 citations
@inproceedings{liu2014characterizing,
  title={Characterizing and detecting performance bugs for smartphone applications},
  author={Liu, Yepang and Xu, Chang and Cheung, Shing-Chi},
  booktitle={Proceedings of the 36th International Conference on Software Engineering},
  pages={1013--1024},
  year={2014},
  organization={ACM}
}

% 15 citations
@inproceedings{shen2015automating,
  title={Automating performance bottleneck detection using search-based application profiling},
  author={Shen, Du and Luo, Qi and Poshyvanyk, Denys and Grechanik, Mark},
  booktitle={Proceedings of the 2015 International Symposium on Software Testing and Analysis},
  pages={270--281},
  year={2015},
  organization={ACM}
}

% 6 citations
@article{luo2016forepost,
  title={Forepost: Finding performance problems automatically with feedback-directed learning software testing},
  author={Luo, Qi and Nair, Aswathy and Grechanik, Mark and Poshyvanyk, Denys},
  journal={Empirical Software Engineering},
  pages={1--51},
  year={2016},
  publisher={Springer}
}
